<?xml version="1.0" encoding="UTF-8"?><record xmlns="http://www.loc.gov/MARC21/slim" xmlns:cinclude="http://apache.org/cocoon/include/1.0" xmlns:zs="http://www.loc.gov/zing/srw/">
  <leader>00445nz  a2200133n  4500</leader>
  <controlfield tag="001">no2007081554</controlfield>
  <controlfield tag="003">DLC</controlfield>
  <controlfield tag="005">20070721075255.0</controlfield>
  <controlfield tag="008">070719n| acannaabn          |n aaa     c</controlfield>
  <datafield tag="010" ind1=" " ind2=" ">
    <subfield code="a">no2007081554</subfield>
  </datafield>
  <datafield tag="035" ind1=" " ind2=" ">
    <subfield code="a">(OCoLC)oca07469265</subfield>
  </datafield>
  <datafield tag="040" ind1=" " ind2=" ">
    <subfield code="a">IEN</subfield>
    <subfield code="b">eng</subfield>
    <subfield code="c">IEN</subfield>
  </datafield>
  <datafield tag="100" ind1="1" ind2=" ">
    <subfield code="a">Yeboah, Mark Owusu</subfield>
  </datafield>
  <datafield tag="670" ind1=" " ind2=" ">
    <subfield code="a">Report of a study on peri-urbanism, land relations and women in Ghana, 2003?:</subfield>
    <subfield code="b">t.p. (Mark Owusu Yeboah, research fellow, Land Resources Centre, KNUST)</subfield>
  </datafield>
</record>